@book{Bourdon1999,
author = {Bourdon, Richard M.},
edition = {2},
isbn = {978-0130964496},
keywords = {Livestock Breeding Animal Genomics},
mendeley-tags = {Livestock Breeding Animal Genomics},
pages = {538},
publisher = {Prentice Hall},
title = {{Understanding Animal Breeding}},
url = {http://www.pearsonhighered.com/educator/product/Understanding-Animal-Breeding/9780130964496.page},
year = {1999}
}
@book{Falconer1996,
address = {Longman, Essex},
author = {Falconer, D. S. and Mackay, T. F. C},
edition = {4},
isbn = {978-0582243026},
keywords = {Livestock Breeding Animal Genomics},
mendeley-tags = {Livestock Breeding Animal Genomics},
pages = {480},
publisher = {Benjamin Cummings},
title = {{Introduction to Quantitative Genetics}},
year = {1996}
}
@book{Lynch1998,
author = {Lynch, Michael and {Walsh Bruce}},
edition = {1},
isbn = {978-0878934812},
keywords = {Livestock Breeding Animal Genomics},
mendeley-tags = {Livestock Breeding Animal Genomics},
pages = {803},
publisher = {Sinauer Associates},
title = {{Genetics and Analysis of Quantitative Traits}},
url = {http://nitro.biosci.arizona.edu/zbook/book.html},
year = {1998}
}
@book{Mrode2005,
author = {Mrode, R. A and Thompson, R.},
doi = {10.1079/9780851990002.0000},
isbn = {0851990002},
keywords = {Livestock Breeding Animal Genomics},
mendeley-tags = {Livestock Breeding Animal Genomics},
publisher = {CABI},
title = {{Linear models for the prediction of animal breeding values}},
url = {http://www.cabi.org/cabebooks/ebook/20053196805},
year = {2005}
}
@book{Willam2011,
author = {Willam, Alfons and Simianer, Henner},
edition = {1},
isbn = {978-3-8252-3526-0},
keywords = {Livestock Breeding Animal Genomics},
mendeley-tags = {Livestock Breeding Animal Genomics},
pages = {320},
publisher = {Ulmer},
title = {{Tierzucht}},
url = {http://www.utb-shop.de/tierzucht-2936.html},
year = {2011}
}
@book{GSS2002,
author = {Goetz Kay-Uwe, Schueler Lutz and Swalve Herrmann},
edition = {1},
isbn = {9783825221836},
keywords = {Livestock Breeding Animal Genomics},
mendeley-tags = {Livestock Breeding Animal Genomics},
pages = {352},
publisher = {Ulmer},
title = {{Grundlagen der quantitativen Genetik}},
url = {http://www.utb-shop.de/grundlagen-der-quantitativen-genetik.html},
year = {2002}
}
